
@article{S12,
  author    = {Fatima K. Abu Salem and 
               Lama Tamim},
  title     = {Communication balancing in the parallel Gottfert algorithm},
  journal   = {Parallel Processing Letters},
  volume    = {22},
  number    = {4},
  year      = {2012},
  url       = {http://dx.doi.org/10.1142/S0129626412500119},
}


@inproceedings{S14,
  author    = {Fatima K. Abu Salem and 
               Khalil El-Harake and 
               Karl Gemayel
               },
  title     = {Factoring Sparse Bivariate Polynomials using the Priority Queue},
  booktitle = {Proceedings of Computer Algebra in Scientific Computing},
  volume    = 8660,
  series = {Lecture Notes in Computer Science},
  publisher = {Springer},
  pages     = {388 -- 402},
  year      = {2014},
  url       = {},
  doi       = {},
  timestamp = {},
  biburl    = {},
  bibsource = {}
}


@inproceedings{S15,
  author    = {Fatima K. Abu Salem and 
               Khalil El-Harake and 
               Karl Gemayel
               },
  title     = {Cache oblivious sparse polynomial factoring using the Funnel heap},
  booktitle = {Proceedings of International Workshop on Parallel Symbolic Computation},
  publisher = {ACM Press},
  pages     = {7--15},
  year      = {2015},
  url       = {},
  doi       = {},
  timestamp = {},
  biburl    = {},
  bibsource = {}
}


@inproceedings{GhemawatGL03,
  author    = {Sanjay Ghemawat and
               Howard Gobioff and
               Shun{-}Tak Leung},
  title     = {The Google file system},
  booktitle = {Proceedings of the 19th {ACM} Symposium on Operating Systems Principles
               2003, {SOSP} 2003, Bolton Landing, NY, USA, October 19-22, 2003},
  pages     = {29--43},
  year      = {2003},
  url       = {http://doi.acm.org/10.1145/945445.945450},
  doi       = {10.1145/945445.945450},
  timestamp = {Mon, 22 Jun 2015 17:24:47 +0200},
  biburl    = {http://dblp.uni-trier.de/rec/bib/conf/sosp/GhemawatGL03},
  bibsource = {dblp computer science bibliography, http://dblp.org}
}

@article{ChangDGHWBCFG08,
  author    = {Fay Chang and
               Jeffrey Dean and
               Sanjay Ghemawat and
               Wilson C. Hsieh and
               Deborah A. Wallach and
               Michael Burrows and
               Tushar Chandra and
               Andrew Fikes and
               Robert E. Gruber},
  title     = {Bigtable: {A} Distributed Storage System for Structured Data},
  journal   = {{ACM} Trans. Comput. Syst.},
  volume    = {26},
  number    = {2},
  year      = {2008},
  url       = {http://doi.acm.org/10.1145/1365815.1365816},
  doi       = {10.1145/1365815.1365816},
  timestamp = {Thu, 19 Jun 2008 10:04:24 +0200},
  biburl    = {http://dblp.uni-trier.de/rec/bib/journals/tocs/ChangDGHWBCFG08},
  bibsource = {dblp computer science bibliography, http://dblp.org}
}


@misc{leafleft,
    author = "{Leaflet}",
    title = {{an open-source javascript library for mobile-friendly interactive maps}},
    howpublished = {\url{http://leafletjs.com}}
}


@inproceedings{FinkelGM05,
  author    = {Jenny Rose Finkel and
               Trond Grenager and
               Christopher D. Manning},
  title     = {Incorporating Non-local Information into Information Extraction Systems
               by Gibbs Sampling},
  booktitle = {{ACL} 2005, 43rd Annual Meeting of the Association for Computational
               Linguistics, Proceedings of the Conference, 25-30 June 2005, University
               of Michigan, {USA}},
  year      = {2005},
  url       = {http://acl.ldc.upenn.edu/P/P05/P05-1045.pdf},
  timestamp = {Fri, 02 Dec 2011 14:17:37 +0100},
  biburl    = {http://dblp.uni-trier.de/rec/bib/conf/acl/FinkelGM05},
  bibsource = {dblp computer science bibliography, http://dblp.org}
}
@proceedings{DBLP:conf/acl/2005,
  editor    = {Kevin Knight and
               Hwee Tou Ng and
               Kemal Oflazer},
  title     = {{ACL} 2005, 43rd Annual Meeting of the Association for Computational
               Linguistics, Proceedings of the Conference, 25-30 June 2005, University
               of Michigan, {USA}},
  publisher = {The Association for Computer Linguistics},
  year      = {2005},
  url       = {http://aclweb.org/anthology-new/P/P05/},
  timestamp = {Fri, 02 Dec 2011 14:17:37 +0100},
  biburl    = {http://dblp.uni-trier.de/rec/bib/conf/acl/2005},
  bibsource = {dblp computer science bibliography, http://dblp.org}
}


@inproceedings{toutanova1,
 author = {Toutanova, Kristina and Manning, Christopher D.},
 title = {Enriching the Knowledge Sources Used in a Maximum Entropy Part-of-speech Tagger},
 booktitle = {Proceedings of the 2000 Joint SIGDAT Conference on Empirical Methods in Natural Language Processing and Very Large Corpora: Held in Conjunction with the 38th Annual Meeting of the Association for Computational Linguistics - Volume 13},
 series = {EMNLP '00},
 year = {2000},
 location = {Hong Kong},
 pages = {63--70},
 numpages = {8},
 url = {http://dx.doi.org/10.3115/1117794.1117802},
 doi = {10.3115/1117794.1117802},
 acmid = {1117802},
 publisher = {Association for Computational Linguistics},
 address = {Stroudsburg, PA, USA},
} 

@inproceedings{toutanova2,
  author    = {Kristina Toutanova and
               Dan Klein and
               Christopher D. Manning and
               Yoram Singer},
  title     = {Feature-Rich Part-of-Speech Tagging with a Cyclic Dependency Network},
  booktitle = {{HLT-NAACL}},
  year      = {2003},
  url       = {http://acl.ldc.upenn.edu/N/N03/N03-1033.pdf},
  timestamp = {Fri, 27 Feb 2004 10:08:28 +0100},
  biburl    = {http://dblp.uni-trier.de/rec/bib/conf/naacl/ToutanovaKMS03},
  bibsource = {dblp computer science bibliography, http://dblp.org}
}


@inproceedings{topotext1,
  author    = {Randa El Khatib and Julia El Zini and David Wrisley and Mohamad Jaber and Shady Elbassuoni},
  title     = {{TopoText: Interactive Digital Mapping of Literary Text}},
  booktitle = {{COLING} 2016, 26th International Conference on Computational Linguistics,
               Proceedings of the Conference System Demonstrations, December 11-16,
               2016, Osaka, Japan},
  pages     = {(to appear)},
  year      = {2016},
  url       = {},
  timestamp = {},
  biburl    = {},
  bibsource = {dblp computer science bibliography, http://dblp.org}
}

@inproceedings{topotext2,
  author    = {Randa El Khatib and Julia El Zini and David Wrisley and Shady Elbassuoni and Mohamad Jaber},
  title     = {{TopoText 2.0: Prototyping Modes of Interactive Mapping and Social Knowledge Creation}},
  booktitle = {Innovative Interrogations: Modelling, Prototyping and Making, June 10-11,
               2016, University of Victoria},
  pages     = {},
  year      = {2016},
  url       = {},
  timestamp = {},
  biburl    = {},
  bibsource = {http://inke.ca/projects/inke-dhsi-2016/}
}


@article{WetAl13a,
  author    = {Felix Ming Fai Wong and
               Chee{-}Wei Tan and
               Soumya Sen and
               Mung Chiang},
  title     = {Quantifying Political Leaning from Tweets, Retweets, and Retweeters},
  journal   = {{IEEE} Trans. Knowl. Data Eng.},
  volume    = {28},
  number    = {8},
  pages     = {2158--2172},
  year      = {2016},
  url       = {http://dx.doi.org/10.1109/TKDE.2016.2553667},
  doi       = {10.1109/TKDE.2016.2553667},
  timestamp = {Mon, 11 Jul 2016 16:24:47 +0200},
  biburl    = {http://dblp.uni-trier.de/rec/bib/journals/tkde/WongTSC16},
  bibsource = {dblp computer science bibliography, http://dblp.org}
}

@inproceedings{WetAl13b,
  author    = {Felix Ming Fai Wong and
               Chee Wei Tan and
               Soumya Sen and
               Mung Chiang},
  title     = {Quantifying Political Leaning from Tweets and Retweets},
  booktitle = {Proceedings of the Seventh International Conference on Weblogs and
               Social Media, {ICWSM} 2013, Cambridge, Massachusetts, USA, July 8-11,
               2013.},
  year      = {2013},
  url       = {http://www.aaai.org/ocs/index.php/ICWSM/ICWSM13/paper/view/6105},
  timestamp = {Tue, 20 Aug 2013 13:12:33 +0200},
  biburl    = {http://dblp.uni-trier.de/rec/bib/conf/icwsm/WongTSC13},
  bibsource = {dblp computer science bibliography, http://dblp.org}
}

@inproceedings{VetAl14,
  author    = {Svitlana Volkova and
               Glen Coppersmith and
               Benjamin Van Durme},
  title     = {Inferring User Political Preferences from Streaming Communications},
  booktitle = {Proceedings of the 52nd Annual Meeting of the Association for Computational
               Linguistics, {ACL} 2014, June 22-27, 2014, Baltimore, MD, USA, Volume
               1: Long Papers},
  pages     = {186--196},
  year      = {2014},
  url       = {http://aclweb.org/anthology/P/P14/P14-1018.pdf},
  timestamp = {Mon, 28 Jul 2014 19:09:09 +0200},
  biburl    = {http://dblp.uni-trier.de/rec/bib/conf/acl/VolkovaCD14},
  bibsource = {dblp computer science bibliography, http://dblp.org}
}

@inproceedings{SetAl12,
  author    = {Caroline Suen and
               Sandy Huang and
               Chantat Eksombatchai and
               Rok Sosic and
               Jure Leskovec},
  title     = {{NIFTY:} a system for large scale information flow tracking and clustering},
  booktitle = {22nd International World Wide Web Conference, {WWW} '13, Rio de Janeiro,
               Brazil, May 13-17, 2013},
  pages     = {1237--1248},
  year      = {2013},
  url       = {http://dl.acm.org/citation.cfm?id=2488496},
  timestamp = {Sat, 24 Aug 2013 18:12:36 +0200},
  biburl    = {http://dblp.uni-trier.de/rec/bib/conf/www/SuenHESL13},
  bibsource = {dblp computer science bibliography, http://dblp.org}
}

@inproceedings{SetAl14,
  author    = {Sandeep Soni and
               Tanushree Mitra and
               Eric Gilbert and
               Jacob Eisenstein},
  title     = {Modeling Factuality Judgments in Social Media Text},
  booktitle = {Proceedings of the 52nd Annual Meeting of the Association for Computational
               Linguistics, {ACL} 2014, June 22-27, 2014, Baltimore, MD, USA, Volume
               2: Short Papers},
  pages     = {415--420},
  year      = {2014},
  url       = {http://aclweb.org/anthology/P/P14/P14-2068.pdf},
  timestamp = {Mon, 28 Jul 2014 19:50:44 +0200},
  biburl    = {http://dblp.uni-trier.de/rec/bib/conf/acl/SoniMGE14},
  bibsource = {dblp computer science bibliography, http://dblp.org}
}

@inproceedings{SetAl13,
  author    = {Y. Sim and B. Acree and J. H. Gross and N. A. Smith},
  title     = {{Measuring ideological proportions in political speeches}},
  booktitle = {{International Conference on Empirical Methods on Natural Language Processing 2013}},
  pages     = {},
  year      = {2013},
  url       = {},
  timestamp = {},
  biburl    = {},
  bibsource = {}
}

@inproceedings{PS13,
  author    = {A. Prat and D. Strömberg},
  title     = {{The political economy of mass media}},
  booktitle = {{Advances in Economics and Econometrics: Tenth World Congress, 2013}, Cambridge University Press},
  pages     = {},
  year      = {2013},
  url       = {},
  timestamp = {},
  biburl    = {},
  bibsource = {}
}


@article{NSZML15,
  author    = {Vlad Niculae and
               Caroline Suen and
               Justine Zhang and
               Cristian Danescu{-}Niculescu{-}Mizil and
               Jure Leskovec},
  title     = {{QUOTUS:} The Structure of Political Media Coverage as Revealed by
               Quoting Patterns},
  journal   = {CoRR},
  volume    = {abs/1504.01383},
  year      = {2015},
  url       = {http://arxiv.org/abs/1504.01383},
  timestamp = {Sat, 02 May 2015 17:50:32 +0200},
  biburl    = {http://dblp.uni-trier.de/rec/bib/journals/corr/NiculaeSZDL15},
  bibsource = {dblp computer science bibliography, http://dblp.org}
}

@inproceedings{NetAl13,
  author    = {Viet{-}An Nguyen and
               Jordan L. Boyd{-}Graber and
               Philip Resnik},
  title     = {Lexical and Hierarchical Topic Regression},
  booktitle = {Advances in Neural Information Processing Systems 26: 27th Annual
               Conference on Neural Information Processing Systems 2013. Proceedings
               of a meeting held December 5-8, 2013, Lake Tahoe, Nevada, United States.},
  pages     = {1106--1114},
  year      = {2013},
  url       = {http://papers.nips.cc/paper/5163-lexical-and-hierarchical-topic-regression},
  timestamp = {Fri, 31 Jan 2014 12:11:40 +0100},
  biburl    = {http://dblp.uni-trier.de/rec/bib/conf/nips/NguyenBR13},
  bibsource = {dblp computer science bibliography, http://dblp.org}
}

@inproceedings{LetAl08,
  author    = {Wei{-}Hao Lin and
               Eric P. Xing and
               Alexander G. Hauptmann},
  title     = {A Joint Topic and Perspective Model for Ideological Discourse},
  booktitle = {Machine Learning and Knowledge Discovery in Databases, European Conference,
               {ECML/PKDD} 2008, Antwerp, Belgium, September 15-19, 2008, Proceedings,
               Part {II}},
  pages     = {17--32},
  year      = {2008},
  url       = {http://dx.doi.org/10.1007/978-3-540-87481-2_2},
  doi       = {10.1007/978-3-540-87481-2_2},
  timestamp = {Sat, 30 Aug 2008 14:46:22 +0200},
  biburl    = {http://dblp.uni-trier.de/rec/bib/conf/pkdd/LinXH08},
  bibsource = {dblp computer science bibliography, http://dblp.org}
}

@inproceedings{JetAl15,
  author    = {Zubin Jelveh and
               Bruce Kogut and
               Suresh Naidu},
  title     = {Detecting Latent Ideology in Expert Text: Evidence From Academic Papers
               in Economics},
  booktitle = {Proceedings of the 2014 Conference on Empirical Methods in Natural
               Language Processing, {EMNLP} 2014, October 25-29, 2014, Doha, Qatar,
               {A} meeting of SIGDAT, a Special Interest Group of the {ACL}},
  pages     = {1804--1809},
  year      = {2014},
  url       = {http://aclweb.org/anthology/D/D14/D14-1191.pdf},
  timestamp = {Sat, 15 Nov 2014 14:45:18 +0100},
  biburl    = {http://dblp.dagstuhl.de/rec/bib/conf/emnlp/JelvehKN14},
  bibsource = {dblp computer science bibliography, http://dblp.org}
}

@inproceedings{IetAl14,
  author    = {Mohit Iyyer and
               Peter Enns and
               Jordan L. Boyd{-}Graber and
               Philip Resnik},
  title     = {Political Ideology Detection Using Recursive Neural Networks},
  booktitle = {Proceedings of the 52nd Annual Meeting of the Association for Computational
               Linguistics, {ACL} 2014, June 22-27, 2014, Baltimore, MD, USA, Volume
               1: Long Papers},
  pages     = {1113--1122},
  year      = {2014},
  url       = {http://aclweb.org/anthology/P/P14/P14-1105.pdf},
  timestamp = {Mon, 28 Jul 2014 19:09:09 +0200},
  biburl    = {http://dblp.uni-trier.de/rec/bib/conf/acl/IyyerEBR14},
  bibsource = {dblp computer science bibliography, http://dblp.org}
}

@misc{Isis,
    author = "{Liveuamap}",
    title = {{Interactive Live Map of Conflict News }},
    howpublished = {\url{http://syria.liveuamap.com/}}
}


@misc{Eqlim,
    author = "{Eqlim}",
    title = {{Risk Intelligence Data For Global Supply Chains}},
    howpublished = {\url{http://eqlim.com}}
}

@inproceedings{CR13,
  author    = {Morgane Ciot and
               Morgan Sonderegger and
               Derek Ruths},
  title     = {Gender Inference of Twitter Users in Non-English Contexts},
  booktitle = {Proceedings of the 2013 Conference on Empirical Methods in Natural
               Language Processing, {EMNLP} 2013, 18-21 October 2013, Grand Hyatt
               Seattle, Seattle, Washington, USA, {A} meeting of SIGDAT, a Special
               Interest Group of the {ACL}},
  pages     = {1136--1145},
  year      = {2013},
  url       = {http://aclweb.org/anthology/D/D13/D13-1114.pdf},
  timestamp = {Fri, 22 Nov 2013 12:57:23 +0100},
  biburl    = {http://dblp.uni-trier.de/rec/bib/conf/emnlp/CiotSR13},
  bibsource = {dblp computer science bibliography, http://dblp.org}
}


@inproceedings{spark-cbs,
  author    = {Bilal Abi Farraj and Wael Al Rahal Al Orabi and Chadi Helwe and Mohamad Jaber and Omar Kayali and Mohamad Nassar},
  title     = {Reconfigurable and Adaptive Spark Applications},
  booktitle = {Proceedings of the 32st Annual {ACM} Symposium on Applied Computing,
               2017 (Submitted)},
  pages     = {},
  year      = {2017},
  url       = {},
  doi       = {},
  timestamp = {},
  biburl    = {},
  bibsource = {}
}

@inproceedings{hbase-dynamique,
  author    = {Ahmad Ghandour and
               Mariam Moukalled and
               Mohamad Jaber},
  title     = {{User-Based Load Balancer in HBase}},
  booktitle = {Proceedings of the 32st Annual {ACM} Symposium on Applied Computing,
               2016 (submitted)},
  pages     = {},
  year      = {2017},
  url       = {},
  doi       = {},
  timestamp = {},
  biburl    = {},
  bibsource = {}
}

@article{bip-distributed,
  author    = {Borzoo Bonakdarpour and
               Marius Bozga and
               Mohamad Jaber and
               Jean Quilbeuf and
               Joseph Sifakis},
  title     = {A framework for automated distributed implementation of component-based
               models},
  journal   = {Distributed Computing},
  volume    = {25},
  number    = {5},
  pages     = {383--409},
  year      = {2012},
  url       = {http://dx.doi.org/10.1007/s00446-012-0168-6},
  doi       = {10.1007/s00446-012-0168-6},
  timestamp = {Tue, 25 Sep 2012 16:03:42 +0200},
  biburl    = {http://dblp.uni-trier.de/rec/bib/journals/dc/BonakdarpourBJQS12},
  bibsource = {dblp computer science bibliography, http://dblp.org}
}


